<?xml version="1.0" encoding="UTF-8"?><record xmlns="http://www.loc.gov/MARC21/slim" xmlns:cinclude="http://apache.org/cocoon/include/1.0" xmlns:zs="http://www.loc.gov/zing/srw/">
  <leader>00304nz  a2200121n  4500</leader>
  <controlfield tag="001">nr 96032676 </controlfield>
  <controlfield tag="003">DLC</controlfield>
  <controlfield tag="005">19960920051521.7</controlfield>
  <controlfield tag="008">960910n| acannaab|          |n aaa     c</controlfield>
  <datafield tag="010" ind1=" " ind2=" ">
    <subfield code="a">nr 96032676 </subfield>
  </datafield>
  <datafield tag="040" ind1=" " ind2=" ">
    <subfield code="a">MH-FA</subfield>
    <subfield code="c">MH-FA</subfield>
  </datafield>
  <datafield tag="100" ind1="1" ind2="0">
    <subfield code="a">Westpfahl, Conrad,</subfield>
    <subfield code="d">1891-1976</subfield>
  </datafield>
  <datafield tag="670" ind1=" " ind2=" ">
    <subfield code="a">Conrad Westpfahl, 1891-1976, 1985.</subfield>
  </datafield>
</record>